@article{meurer2016nomonth,
 ackno = {we acknowledge useful convos with our friends},
 author = {Meurer, Aaron and Anthony Scopatz},
 facility = {nslsii, xpd},
 journal = {PeerJ Computer Science},
 month = {tbd},
 note = {\newline\newline\noindent Acknowledgement:\newline\noindent we acknowledge useful convos with our friends\newline\newline\noindent },
 pages = {e103},
 publisher = {PeerJ Inc. San Francisco, USA},
 synopsis = {A pub with month as tbd},
 tags = {nomonth},
 title = {SymPy: Symbolic computing in Python},
 url = {https://doi.org/10.1021/nn501591g},
 volume = {4},
 year = {2017}
}

@article{meurer2016sympy,
 author = {Meurer, Aaron and Smith, Christopher P and Paprocki, Mateusz and {\v{C}}ert{\'\i}k, Ond{\v{r}}ej and Rocklin, Matthew and Kumar, AMiT and Ivanov, Sergiu and Moore, Jason K and Singh, Sartaj and Rathnayake, Thilina and Sean Vig and Brian E Granger and Richard P Muller and Francesco Bonazzi and Harsh Gupta and Shivam Vats and Fredrik Johansson and Fabian Pedregosa and Matthew J Curry and Ashutosh Saboo and Isuru Fernando and Sumith Kulal and Robert Cimrman and Anthony Scopatz},
 doi = {10.1021/nn501591g},
 journal = {PeerJ Computer Science},
 month = {Jan},
 pages = {e103},
 publisher = {PeerJ Inc. San Francisco, USA},
 supplementary_info_urls = {https://google.com, https://nytimes.com},
 synopsis = {The description of symbolic computing in Python},
 tags = {pdf},
 title = {SymPy: Symbolic computing in Python},
 volume = {4},
 year = {2019}
}
