Reading List

{{ rlist['title'] }}

{% for paper in rlist['papers'] %}
{{ paper['text'] }}:
DOI: {{ paper['doi'] }}

{% endfor %}